@online{apple_document_xctest,
    author={{Apple Inc.}},
    title={XCTest | Apple Developer Documentation},
    year={2017},
    url={https://developer.apple.com/documentation/xctest/}
}

@online{apple_guide_testing-with-xcode,
    author={{Apple Inc.}},
    title={Testing with Xcode},
    year={2017},
    url={https://developer.apple.com/library/content/documentation/DeveloperTools/Conceptual/testing_with_xcode/}
}

@online{apple_releasenote_xcode,
    author={{Apple Inc.}},
    title={Xcode Release Notes},
    year={2017},
    url={https://developer.apple.com/library/content/releasenotes/DeveloperTools/RN-Xcode/}
}
