@article{ieee29119-1,
    journal={ISO/IEC/IEEE 29119-1:2013(E)},
    title={Software and systems engineering Software testing Part 1:Concepts and definitions},
    year={2013},
    pages={1-64},
    keywords={IEC standards;IEEE standards;ISO standards;program testing;software engineering;systems engineering;ISO/IEC/IEEE 29119 standard;ISO/IEC/IEEE 29119-1 standard;internationally-agreed standard set;software testing standards;systems engineering;Formal verification;IEC standards;ISO;ISO standards;Process control;Software testing;Testing;29119;29119-1;Test Plan;Test Planning Process;software testing;verification and validation},
    doi={10.1109/IEEESTD.2013.6588537},
    month={Sept}
}

@article{ieee29119-2,
    journal={ISO/IEC/IEEE 29119-2:2013(E)},
    title={Software and systems engineering Software testing Part 2:Test processes},
    year={2013},
    pages={1-68},
    keywords={IEC standards;IEEE standards;ISO standards;program testing;risk management;software development management;systems engineering;ISO/IEC/IEEE 29119 series;ISO/IEC/IEEE 29119-2;automated testing;dynamic test levels;manual testing;nonfunctional testing;organizational level;risk-based testing;risk-mitigation;software development lifecycle model;software testing standards;systems engineering;test management level;test process descriptions;unscripted testing;Formal verification;IEC standards;ISO;ISO standards;Process control;Software testing;Testing;29119;29119-1;Test Plan;Test Planning Process;software testing;verification and validation},
    doi={10.1109/IEEESTD.2013.6588543},
    month={Sept}
}

@article{ieee29119-3,
    journal={ISO/IEC/IEEE 29119-3:2013(E)},
    title={Software and systems engineering Software testing Part 3:Test documentation},
    year={2013},
    pages={1-138},
    keywords={IEC standards;IEEE standards;ISO standards;automatic testing;program testing;software standards;system documentation;systems engineering;ISO/IEC/IEEE 29119 series;ISO/IEC/IEEE 29119-2;ISO/IEC/IEEE 29119-3;automated testing;dynamic testing;functional testing;manual testing;nonfunctional testing;scripted testing;software development life cycle model;software engineering;software testing standards;systems engineering;test documentation;test process description structure;unscripted testing;Documentation;Electronic mail;IEC standards;ISO;ISO standards;Software testing;Testing;29119;29119-1;Test Plan;Test Planning Process;software testing;verification and validation.},
    doi={10.1109/IEEESTD.2013.6588540},
    month={Sept}
}

@article{ieee29119-4,
    journal={ISO/IEC/IEEE 29119-4:2015},
    title={ISO/IEC/IEEE International Standard for Software and systems engineering--Software testing--Part 4: Test techniques},
    year={2015},
    pages={1-149},
    keywords={IEC standards;IEEE standards;ISO standards;program testing;software engineering;IEC International Standard;IEEE International Standard;ISO Standard;ISO/IEC/ IEEE 29119-4;software engineering;software testing;IEC Standards;IEEE Standards;ISO Standards;Product life cycle management;Software testing;29119-4;life cycle;life cycle process;software;testing},
    doi={10.1109/IEEESTD.2015.7346375},
    month={Dec}
}

@article{ieee29119-5,
    journal={ISO/IEC/IEEE 29119-5 First edition 2016-11-15},
    title={ISO/IEC/IEEE International Standard - Software and systems engineering -- Software testing -- Part 5: Keyword-Driven Testing},
    year={2016},
    pages={1-69},
    keywords={IEC standards;IEEE standards;ISO standards;automatic testing;program testing;program verification;systems engineering;ISO/IEC/IEEE 29119 Software Testing standards;ISO/IEC/IEEE 29119-5:2016(E);ISO/IEC/IEEE International Standard;data exchange format;keyword-driven test specifications;software engineering;systems engineering;test automation;IEC Standards;IEEE Standards;ISO Standards;Software engineering},
    doi={10.1109/IEEESTD.2016.7750539},
    month={Nov}
}


