@github{github:python/cpython:Lib/unittest/__init__.py,
    author={{Python Software Foundation}},
    title={cpython/\_\_init\_\_.py at aa5c2fdb7c11c2d4b83e287724dd6b7c5b75ba7b · python/cpython},
    year={2016},
    url={https://github.com/python/cpython/blob/aa5c2fdb7c11c2d4b83e287724dd6b7c5b75ba7b/Lib/unittest/__init__.py}
}

@github{github:promises-aplus/promises-tests,
    author={{the Promises/A+ organization}},
    title={promises-aplus/promises-tests at 4786505fcb0cafabc5f5ce087e1df86358de2da6},
    year={2017},
    url={https://github.com/promises-aplus/promises-tests/tree/4786505fcb0cafabc5f5ce087e1df86358de2da6}
}

@github{github:mxcl/PromiseKit:Tests/A+/README.md,
    author={Max Howell},
    title={PromiseKit/README.md at 67bc256992351f3124dbcb17f1a46ea31a6a158a · mxcl/PromiseKit},
    year={2016},
    url={https://github.com/mxcl/PromiseKit/blob/67bc256992351f3124dbcb17f1a46ea31a6a158a/Tests/A%2B/README.md}
}

@github{github:ishkawa/APIKit:130,
    author={Yosuke Ishikawa},
    title={Swift Package Manager support by ishkawa · Pull Request \#130 · ishkawa/APIKit},
    year={2016},
    url={https://github.com/ishkawa/APIKit/pull/130}
}

@github{github:ishkawa/APIKit:209,
    author={Yosuke Ishikawa},
    title={Support Swift Package Manager by ishkawa · Pull Request \#209 · ishkawa/APIKit},
    year={2016},
    url={https://github.com/ishkawa/APIKit/pull/209}
}

@github{github:apple/swift-corelibs-xctest,
    author={{Apple Inc.}},
    title={apple/swift-corelibs-xctest: The XCTest Project, A Swift core library for providing unit test support},
    year={2017},
    url={https://github.com/apple/swift-corelibs-xctest}
}

@github{github:ReactiveX/RxSwift:Preprocessor/README.md,
    author={{ReactiveX}},
    title={RxSwift/README.md at 22df0ad507f4fbe942fce7b78a2985f7952af50f · ReactiveX/RxSwift},
    year={2015},
    url={https://github.com/ReactiveX/RxSwift/blob/22df0ad507f4fbe942fce7b78a2985f7952af50f/Preprocessor/README.md}
}

