@online{sente_ocunit,
    author={Senten Sàrl},
    title={Sen:te - OCUnit},
    year={2005},
    url={http://www.sente.ch/software/ocunit/}
}

@online{junit,
    author={{JUnit}},
    title={JUnit},
    year={2017},
    url={http://www.junit.org/}
}

@online{junit_summary,
    author={{JUnit}},
    title={JUnit - Project Summary},
    year={2014},
    url={http://junit.org/junit4/project-summary.html}
}

@online{junit3_package-summary,
    author={{JUnit}},
    title={junit.framework (JUnit API)},
    year={2004},
    url={http://junit.sourceforge.net/junit3.8.1/javadoc/junit/framework/package-summary.html}
}

@online{junit4_test-fixtures,
    author={{JUnit}},
    title={Test fixtures · junit-team/junit4 Wiki},
    year={2017},
    url={https://github.com/junit-team/junit4/wiki/test-fixtures}
}

@online{sunit,
    author={Kent Beck},
    title={Camp Smalltalk SUnit},
    url={http://sunit.sourceforge.net/}
}

@online{sunit_patterns,
    author={Kent Beck},
    title={Simple Smalltalk Testing: With Patterns},
    url={https://web.archive.org/web/20150315073817/http://www.xprogramming.com/testfram.htm}
}

@online{shebanator_history,
    author={Andrew Shebanow},
    title={A Brief History of Test Frameworks | Shebanator},
    year={2007},
    url={https://shebanator.com/2007/08/21/a-brief-history-of-test-frameworks/}
}

@online{python_library_unittest,
    author={{Python Software Foundation}},
    title={26.4. unittest — ユニットテストフレームワーク — Python 3.6.1 ドキュメント},
    year={2017},
    url={https://docs.python.jp/3/library/unittest.html}
}

@online{modocache_xctest,
    author={Brian Gesiak},
    title={XCTest: The Good Parts},
    year={2015},
    url={http://modocache.io/xctest-the-good-parts}
}

@online{jstqb_words,
    author={Erik van Veenendaal},
    title={ソフトウェアテスト標準用語集（日本語版）},
    year={2014},
    url={http://jstqb.jp/dl/JSTQB-glossary.V2.3.J01.pdf},
    note={翻訳:JSTQB®技術委員会}
}

@online{wikipedia_test-fixture,
    author={{Wikipedia}},
    title={Test fixture - Wikipedia},
    year={2017},
    url={https://en.wikipedia.org/wiki/Test_fixture}
}

@online{itmedia_dictionary_v-and-v,
    author={ITmedia, Inc.},
    title={情報システム用語事典：V\&V（ぶいあんどぶい） - ITmedia エンタープライズ},
    year={2011},
    url={http://www.itmedia.co.jp/im/articles/1111/07/news153.html}
}

@online{objc.io:snapshot-testing,
    author={Orta Therox},
    title={Snapshot Testing · objc.io},
    year={2014},
    url={https://www.objc.io/issues/15-testing/snapshot-testing/}
}

@online{promisesaplus.com,
    author={{the Promises/A+ organization}},
    title={Promises/A+},
    year={},
    url={https://promisesaplus.com/}
}

