@book{hoge,
    author = {hoge},
    title = {hoge}
}

@article{hage,
    author = {hoge},
    title = {hoge}
}
